@article{RS1,
	doi = {10.1103/physrevlett.83.4690},
  
	url = {https://doi.org/10.1103%2Fphysrevlett.83.4690},
  
	year = 1999,
	month = {dec},
  
	publisher = {American Physical Society ({APS})},
  
	volume = {83},
  
	number = {23},
  
	pages = {4690--4693},
  
	author = {Lisa Randall and Raman Sundrum},
  
	title = {An Alternative to Compactification},
  
	journal = {Physical Review Letters}
}

@article{RS2,
	doi = {10.1103/physrevlett.83.3370},
  
	url = {https://doi.org/10.1103%2Fphysrevlett.83.3370},
  
	year = 1999,
	month = {oct},
  
	publisher = {American Physical Society ({APS})},
  
	volume = {83},
  
	number = {17},
  
	pages = {3370--3373},
  
	author = {Lisa Randall and Raman Sundrum},
  
	title = {Large Mass Hierarchy from a Small Extra Dimension},
  
	journal = {Physical Review Letters}
}

@article{RS1Diagram,
  author =       "Maxime Gabella",
  title =        "The Randall-Sundrum Model - Scientific Figure",
  journal =      "ResearchGate",
  year =         "2006",
  DOI =          "https://www.researchgate.net/figure/Randall-Sundrum-setup_fig1_239928060"
}
@article{Hinterbichler:2012cn,
    author = "Hinterbichler, Kurt and Rosen, Rachel A.",
    title = "{Interacting Spin-2 Fields}",
    eprint = "1203.5783",
    archivePrefix = "arXiv",
    primaryClass = "hep-th",
    doi = "10.1007/JHEP07(2012)047",
    journal = "JHEP",
    volume = "07",
    pages = "047",
    year = "2012"
}

@article{Hassan:2012wr,
    author = "Hassan, S. F. and Schmidt-May, Angnis and von Strauss, Mikael",
    title = "{On Consistent Theories of Massive Spin-2 Fields Coupled to Gravity}",
    eprint = "1208.1515",
    archivePrefix = "arXiv",
    primaryClass = "hep-th",
    doi = "10.1007/JHEP05(2013)086",
    journal = "JHEP",
    volume = "05",
    pages = "086",
    year = "2013"
}

@article{Hassan:2014gta,
    author = "Hassan, S. F. and Kocic, Mikica and Schmidt-May, Angnis",
    title = "{Absence of ghost in a new bimetric-matter coupling}",
    eprint = "1409.1909",
    archivePrefix = "arXiv",
    primaryClass = "hep-th",
    month = "9",
    year = "2014"
}

@article{Kurts_review,
	doi = {10.1103/revmodphys.84.671},
  
	url = {https://doi.org/10.1103%2Frevmodphys.84.671},
  
	year = 2012,
	month = {may},
  
	publisher = {American Physical Society ({APS})},
  
	volume = {84},
  
	number = {2},
  
	pages = {671--710},
  
	author = {Kurt Hinterbichler},
  
	title = {Theoretical aspects of massive gravity},
  
	journal = {Reviews of Modern Physics}
}

@article{Figures,
  
	url = {https://www.imperial.ac.uk/media/imperial-college/research-centres-and-groups/theoretical-physics/msc/dissertations/2021/Aditya-Ramani-Dissertation.pdf},
  
	year = 2021,
	
	publisher = {Imperial College London},
  
	author = {Aditya Ramani},
  
        title = {Braneworlds and Their Mysteries}
}

@article{PhysRev.57.147,
  title = {General Relativity and Flat Space. I},
  author = {Rosen, N.},
  journal = {Phys. Rev.},
  volume = {57},
  issue = {2},
  pages = {147--150},
  numpages = {0},
  year = {1940},
  month = {Jan},
  publisher = {American Physical Society},
  doi = {10.1103/PhysRev.57.147},
  url = {https://link.aps.org/doi/10.1103/PhysRev.57.147}
}
@article{PhysRev.57.150,
  title = {General Relativity and Flat Space. II},
  author = {Rosen, N.},
  journal = {Phys. Rev.},
  volume = {57},
  issue = {2},
  pages = {150--153},
  numpages = {0},
  year = {1940},
  month = {Jan},
  publisher = {American Physical Society},
  doi = {10.1103/PhysRev.57.150},
  url = {https://link.aps.org/doi/10.1103/PhysRev.57.150}
}
@article{PhysRevD.80.123536,
  title = {Bimetric MOND gravity},
  author = {Milgrom, Mordehai},
  journal = {Phys. Rev. D},
  volume = {80},
  issue = {12},
  pages = {123536},
  numpages = {15},
  year = {2009},
  month = {Dec},
  publisher = {American Physical Society},
  doi = {10.1103/PhysRevD.80.123536},
  url = {https://link.aps.org/doi/10.1103/PhysRevD.80.123536}
}
@article{Rham_2015,
	doi = {10.1088/0264-9381/32/3/035022},
  
	url = {https://doi.org/10.1088%2F0264-9381%2F32%2F3%2F035022},
  
	year = 2015,
	month = {jan},
  
	publisher = {{IOP} Publishing},
  
	volume = {32},
  
	number = {3},
  
	pages = {035022},
  
	author = {Claudia de Rham and Lavinia Heisenberg and Raquel H Ribeiro},
  
	title = {On couplings to matter in massive (bi-)gravity},
  
	journal = {Classical and Quantum Gravity}
}
@article{de_Rham_2010,
	doi = {10.1103/physrevd.82.044020},
  
	url = {https://doi.org/10.1103%2Fphysrevd.82.044020},
  
	year = 2010,
	month = {aug},
  
	publisher = {American Physical Society ({APS})},
  
	volume = {82},
  
	number = {4},
  
	author = {Claudia de Rham and Gregory Gabadadze},
  
	title = {Generalization of the Fierz-Pauli action},
  
	journal = {Physical Review D}
}
@article{de_Rham_2011,
	doi = {10.1103/physrevlett.106.231101},
  
	url = {https://doi.org/10.1103%2Fphysrevlett.106.231101},
  
	year = 2011,
	month = {jun},
  
	publisher = {American Physical Society ({APS})},
  
	volume = {106},
  
	number = {23},
  
	author = {Claudia de Rham and Gregory Gabadadze and Andrew J. Tolley},
  
	title = {Resummation of Massive Gravity},
  
	journal = {Physical Review Letters}
}
@article{de_Rham_2014,
	doi = {10.12942/lrr-2014-7},
  
	url = {https://doi.org/10.12942%2Flrr-2014-7},
  
	year = 2014,
	month = {aug},
  
	publisher = {Springer Science and Business Media {LLC}
},
  
	volume = {17},
  
	number = {1},
  
	author = {Claudia de Rham},
  
	title = {Massive Gravity},
  
	journal = {Living Reviews in Relativity}
}
@article{VAINSHTEIN1972393,
title = {To the problem of nonvanishing gravitation mass},
journal = {Physics Letters B},
volume = {39},
number = {3},
pages = {393-394},
year = {1972},
issn = {0370-2693},
doi = {https://doi.org/10.1016/0370-2693(72)90147-5},
url = {https://www.sciencedirect.com/science/article/pii/0370269372901475},
author = {A.I. Vainshtein},
abstract = {The problem of the zero-mass limit in the massive gravitational field theory is considered in the framework of classical equations. Beyond the perturbation theory approach the continoous in mass solution is constructed for the case of central symmetric field by contrast with the perturbation theory one.}
}
@article{Babichev_2013,
	doi = {10.1088/0264-9381/30/18/184001},
  
	url = {https://doi.org/10.1088%2F0264-9381%2F30%2F18%2F184001},
  
	year = 2013,
	month = {sep},
  
	publisher = {{IOP} Publishing},
  
	volume = {30},
  
	number = {18},
  
	pages = {184001},
  
	author = {Eugeny Babichev and C{\'{e}
}dric Deffayet},
  
	title = {An introduction to the Vainshtein mechanism},
  
	journal = {Classical and Quantum Gravity}
}
@article{BDGhost,
  title = {Can Gravitation Have a Finite Range?},
  author = {Boulware, David G. and Deser, S.},
  journal = {Phys. Rev. D},
  volume = {6},
  issue = {12},
  pages = {3368--3382},
  numpages = {0},
  year = {1972},
  month = {Dec},
  publisher = {American Physical Society},
  doi = {10.1103/PhysRevD.6.3368},
  url = {https://link.aps.org/doi/10.1103/PhysRevD.6.3368}
}
@article{BDHinterbichler_2013,
	doi = {10.1007/jhep10(2013)102},
  
	url = {https://doi.org/10.1007%2Fjhep10%282013%29102},
  
	year = 2013,
	month = {oct},
  
	publisher = {Springer Science and Business Media {LLC}
},
  
	volume = {2013},
  
	number = {10},
  
	author = {Kurt Hinterbichler},
  
	title = {Ghost-free derivative interactions for a massive graviton},
  
	journal = {Journal of High Energy Physics}
}
@misc{CCMassive,
      title={Modified gravity approaches to the cosmological constant problem}, 
      author={The FADE Collaboration and Heliudson Bernardo and Benjamin Bose and Guilherme Franzmann and Steffen Hagstotz and Yutong He and Aliki Litsa and Florian Niedermann},
      year={2022},
      eprint={2210.06810},
      archivePrefix={arXiv},
      primaryClass={gr-qc}
}
@article{degravCC,
	doi = {10.1103/physrevd.76.084006},
  
	url = {https://doi.org/10.1103%2Fphysrevd.76.084006},
  
	year = 2007,
	month = {oct},
  
	publisher = {American Physical Society ({APS})},
  
	volume = {76},
  
	number = {8},
  
	author = {Gia Dvali and Stefan Hofmann and Justin Khoury},
  
	title = {Degravitation of the cosmological constant and graviton width},
  
	journal = {Physical Review D}
}
@article{BigravCC,
    author = "Platscher, Moritz and Smirnov, Juri",
    title = "{Degravitation of the Cosmological Constant in Bigravity}",
    eprint = "1611.09385",
    archivePrefix = "arXiv",
    primaryClass = "gr-qc",
    doi = "10.1088/1475-7516/2017/03/051",
    journal = "JCAP",
    volume = "03",
    pages = "051",
    year = "2017"
}
@misc{padilla2002braneworld,
      title={Braneworld Cosmology and Holography}, 
      author={Antonio Padilla},
      year={2002},
      eprint={hep-th/0210217},
      archivePrefix={arXiv},
      primaryClass={hep-th}
}
@ARTICLE{1921SPAW.......966K,
       author = {{Kaluza}, Theodor},
        title = "{Zum Unit{\"a}tsproblem der Physik}",
      journal = {Sitzungsberichte der K\&ouml;niglich Preussischen Akademie der Wissenschaften},
         year = 1921,
        month = jan,
        pages = {966-972},
       adsurl = {https://ui.adsabs.harvard.edu/abs/1921SPAW.......966K},
      adsnote = {Provided by the SAO/NASA Astrophysics Data System}
}
@article{Klein1926TheAO,
  title={The Atomicity of Electricity as a Quantum Theory Law},
  author={Oskar Klein},
  journal={Nature},
  year={1926},
  volume={118},
  pages={516-516}
}
@article{Perlmutter_1999,
doi = {10.1086/307221},
url = {https://dx.doi.org/10.1086/307221},
year = {1999},
month = {jun},
publisher = {},
volume = {517},
number = {2},
pages = {565},
author = {S. Perlmutter and G. Aldering and G. Goldhaber and R. A. Knop and P. Nugent and P. G. Castro and S. Deustua and S. Fabbro and A. Goobar and D. E. Groom and I. M. Hook and A. G. Kim and M. Y. Kim and J. C. Lee and N. J. Nunes and R. Pain and C. R. Pennypacker and R. Quimby and C. Lidman and R. S. Ellis and M. Irwin and R. G. McMahon and P. Ruiz-Lapuente and N. Walton and B. Schaefer and B. J. Boyle and A. V. Filippenko and T. Matheson and A. S. Fruchter and N. Panagia and H. J. M. Newberg and W. J. Couch and The Supernova Cosmology Project},
title = {Measurements of Ω and Λ from 42 High-Redshift Supernovae},
journal = {The Astrophysical Journal},
}
@article{RevModPhys.61.1,
  title = {The cosmological constant problem},
  author = {Weinberg, Steven},
  journal = {Rev. Mod. Phys.},
  volume = {61},
  issue = {1},
  pages = {1--23},
  numpages = {0},
  year = {1989},
  month = {Jan},
  publisher = {American Physical Society},
  doi = {10.1103/RevModPhys.61.1},
  url = {https://link.aps.org/doi/10.1103/RevModPhys.61.1}
}
@article{Polchinski_1995,
	doi = {10.1103/physrevlett.75.4724},
  
	url = {https://doi.org/10.1103%2Fphysrevlett.75.4724},
  
	year = 1995,
	month = {dec},
  
	publisher = {American Physical Society ({APS})},
  
	volume = {75},
  
	number = {26},
  
	pages = {4724--4727},
  
	author = {Joseph Polchinski},
  
	title = {Dirichlet Branes and Ramond-Ramond Charges},
  
	journal = {Physical Review Letters}
}
@article{fierz1939relativistic,
  title={On relativistic wave equations for particles of arbitrary spin in an electromagnetic field},
  author={Fierz, Markus and Pauli, Wolfgang},
  journal={Proceedings of the Royal Society of London. Series A: Mathematical and Physical Sciences},
  volume={173},
  number={953},
  pages={211--232},
  year={1939},
  publisher={The Royal Society}
}
@article{GR,
    author = {Einstein, A. and Stern, O.},
    title = {Einige Argumente für die Annahme einer molekularen Agitation beim absoluten Nullpunkt [AdP 40, 551 (1913)]},
    journal = {Annalen der Physik},
    volume = {517},
    number = {S1},
    pages = {489-499},
    doi = {https://doi.org/10.1002/andp.2005517S148},
    url = {https://onlinelibrary.wiley.com/doi/abs/10.1002/andp.2005517S148},
    eprint = {https://onlinelibrary.wiley.com/doi/pdf/10.1002/andp.2005517S148},
    year = {2005}
}
@article{Karch:2000ct,
    author = "Karch, Andreas and Randall, Lisa",
    editor = "Duff, Michael J. and Liu, J. T. and Lu, J.",
    title = "{Locally localized gravity}",
    eprint = "hep-th/0011156",
    archivePrefix = "arXiv",
    reportNumber = "MIT-CTP-3099",
    doi = "10.1088/1126-6708/2001/05/008",
    journal = "JHEP",
    volume = "05",
    pages = "008",
    year = "2001"
}
@misc{GRTests,
      title={Tests of General Relativity: A Review}, 
      author={Estelle Asmodelle},
      year={2017},
      eprint={1705.04397},
      archivePrefix={arXiv},
      primaryClass={gr-qc}
}
@article{CCreview,
	doi = {10.1016/j.crhy.2012.04.008},
  
	url = {https://doi.org/10.1016%2Fj.crhy.2012.04.008},
  
	year = 2012,
	month = {jul},
  
	publisher = {Elsevier {BV}
},
  
	volume = {13},
  
	number = {6-7},
  
	pages = {566--665},
  
	author = {J{\'{e}}r{\^{o}}me Martin},
  
	title = {Everything you always wanted to know about the cosmological constant problem (but were afraid to ask)},
  
	journal = {Comptes Rendus Physique}
}
@misc{hierarchyreview,
      title={The Hierarchy Problem: From the Fundamentals to the Frontiers}, 
      author={Seth Koren},
      year={2020},
      eprint={2009.11870},
      archivePrefix={arXiv},
      primaryClass={hep-ph}
}
@article{Kaloper:2018dqn,
    author = "Kaloper, Nemanja and Scargill, James H. C.",
    title = "{de Sitter Branes in a Flat Bulk of Massive Gravity}",
    eprint = "1808.01506",
    archivePrefix = "arXiv",
    primaryClass = "hep-th",
    doi = "10.1007/JHEP03(2019)132",
    journal = "JHEP",
    volume = "03",
    pages = "132",
    year = "2019"
}
@article{fr_review,
	doi = {10.12942/lrr-2010-3},
  
	url = {https://doi.org/10.12942%2Flrr-2010-3},
  
	year = 2010,
	month = {jun},
  
	publisher = {Springer Science and Business Media {LLC}
},
  
	volume = {13},
  
	number = {1},
  
	author = {Antonio De Felice and Shinji Tsujikawa},
  
	title = {f(R) Theories},
  
	journal = {Living Reviews in Relativity}
}
@ARTICLE{bransdicke,
       author = {{Brans}, C. and {Dicke}, R.~H.},
        title = "{Mach's Principle and a Relativistic Theory of Gravitation}",
      journal = {Physical Review},
         year = 1961,
        month = nov,
       volume = {124},
       number = {3},
        pages = {925-935},
          doi = {10.1103/PhysRev.124.925},
       adsurl = {https://ui.adsabs.harvard.edu/abs/1961PhRv..124..925B},
      adsnote = {Provided by the SAO/NASA Astrophysics Data System}
}
@article{Mtheory,
	doi = {10.1002/prop.200510256},
  
	url = {https://doi.org/10.1002%2Fprop.200510256},
  
	year = 2006,
	month = {jan},
  
	publisher = {Wiley},
  
	volume = {54},
  
	number = {1},
  
	pages = {5--72},
  
	author = {A. Miemiec and I. Schnakenburg},
  
	title = {Basics of M-theory},
  
	journal = {Fortschritte der Physik}
}
@article{Goldberger_1999,
	doi = {10.1103/physrevlett.83.4922},
  
	url = {https://doi.org/10.1103%2Fphysrevlett.83.4922},
  
	year = 1999,
	month = {dec},
  
	publisher = {American Physical Society ({APS})},
  
	volume = {83},
  
	number = {24},
  
	pages = {4922--4925},
  
	author = {Walter D. Goldberger and Mark B. Wise},
  
	title = {Modulus Stabilization with Bulk Fields},
  
	journal = {Physical Review Letters}
}
@article{stringreview,
	doi = {10.1088/0264-9381/28/15/153001},
  
	url = {https://doi.org/10.1088%2F0264-9381%2F28%2F15%2F153001},
  
	year = 2011,
	month = {jun},
  
	publisher = {{IOP} Publishing},
  
	volume = {28},
  
	number = {15},
  
	pages = {153001},
  
	author = {Sunil Mukhi},
  
	title = {String theory: a perspective over the last 25 years},
  
	journal = {Classical and Quantum Gravity}
}
@article{MAITY2006348,
title = {Stability analysis of the Randall–Sundrum braneworld in presence of bulk scalar},
journal = {Physics Letters B},
volume = {643},
number = {6},
pages = {348-353},
year = {2006},
issn = {0370-2693},
doi = {https://doi.org/10.1016/j.physletb.2006.11.014},
url = {https://www.sciencedirect.com/science/article/pii/S0370269306014171},
author = {Debaprasad Maity and Soumitra SenGupta and Sourav Sur},
}
@misc{hassan2014absence,
      title={Absence of ghost in a new bimetric-matter coupling}, 
      author={S. F. Hassan and Mikica Kocic and Angnis Schmidt-May},
      year={2014},
      eprint={1409.1909},
      archivePrefix={arXiv},
      primaryClass={hep-th}
}
@article{vanDam:1970vg,
    author = "van Dam, H. and Veltman, M. J. G.",
    title = "{Massive and massless Yang-Mills and gravitational fields}",
    doi = "10.1016/0550-3213(70)90416-5",
    journal = "Nucl. Phys. B",
    volume = "22",
    pages = "397--411",
    year = "1970"
}
@article{Zakharov:1970cc,
    author = "Zakharov, V. I.",
    title = "{Linearized gravitation theory and the graviton mass}",
    journal = "JETP Lett.",
    volume = "12",
    pages = "312",
    year = "1970"
}
@article{Barger_2012,
	doi = {10.1016/j.physletb.2012.01.073},
  
	url = {https://doi.org/10.1016%2Fj.physletb.2012.01.073},
  
	year = 2012,
	month = {mar},
  
	publisher = {Elsevier {BV}
},
  
	volume = {709},
  
	number = {3},
  
	pages = {185--191},
  
	author = {Vernon Barger and Muneyuki Ishida},
  
	title = {Randall{\textendash}Sundrum reality at the {LHC}},
  
	journal = {Physics Letters B}
}
@article{PhysRevLett.116.061102,
  title = {Observation of Gravitational Waves from a Binary Black Hole Merger},
  author = {Abbott, B. P. and Abbott, R. and Abbott, T. D. and Abernathy, M. R. and Acernese, F. and Ackley, K. and Adams, C. and Adams, T. and Addesso, P. and Adhikari, R. X. and Adya, V. B. and Affeldt, C. and Agathos, M. and Agatsuma, K. and Aggarwal, N. and Aguiar, O. D. and Aiello, L. and Ain, A. and Ajith, P. and Allen, B. and Allocca, A. and Altin, P. A. and Anderson, S. B. and Anderson, W. G. and Arai, K. and Arain, M. A. and Araya, M. C. and Arceneaux, C. C. and Areeda, J. S. and Arnaud, N. and Arun, K. G. and Ascenzi, S. and Ashton, G. and Ast, M. and Aston, S. M. and Astone, P. and Aufmuth, P. and Aulbert, C. and Babak, S. and Bacon, P. and Bader, M. K. M. and Baker, P. T. and Baldaccini, F. and Ballardin, G. and Ballmer, S. W. and Barayoga, J. C. and Barclay, S. E. and Barish, B. C. and Barker, D. and Barone, F. and Barr, B. and Barsotti, L. and Barsuglia, M. and Barta, D. and Bartlett, J. and Barton, M. A. and Bartos, I. and Bassiri, R. and Basti, A. and Batch, J. C. and Baune, C. and Bavigadda, V. and Bazzan, M. and Behnke, B. and Bejger, M. and Belczynski, C. and Bell, A. S. and Bell, C. J. and Berger, B. K. and Bergman, J. and Bergmann, G. and Berry, C. P. L. and Bersanetti, D. and Bertolini, A. and Betzwieser, J. and Bhagwat, S. and Bhandare, R. and Bilenko, I. A. and Billingsley, G. and Birch, J. and Birney, R. and Birnholtz, O. and Biscans, S. and Bisht, A. and Bitossi, M. and Biwer, C. and Bizouard, M. A. and Blackburn, J. K. and Blair, C. D. and Blair, D. G. and Blair, R. M. and Bloemen, S. and Bock, O. and Bodiya, T. P. and Boer, M. and Bogaert, G. and Bogan, C. and Bohe, A. and Bojtos, P. and Bond, C. and Bondu, F. and Bonnand, R. and Boom, B. A. and Bork, R. and Boschi, V. and Bose, S. and Bouffanais, Y. and Bozzi, A. and Bradaschia, C. and Brady, P. R. and Braginsky, V. B. and Branchesi, M. and Brau, J. E. and Briant, T. and Brillet, A. and Brinkmann, M. and Brisson, V. and Brockill, P. and Brooks, A. F. and Brown, D. A. and Brown, D. D. and Brown, N. M. and Buchanan, C. C. and Buikema, A. and Bulik, T. and Bulten, H. J. and Buonanno, A. and Buskulic, D. and Buy, C. and Byer, R. L. and Cabero, M. and Cadonati, L. and Cagnoli, G. and Cahillane, C. and Bustillo, J. Calder\'on and Callister, T. and Calloni, E. and Camp, J. B. and Cannon, K. C. and Cao, J. and Capano, C. D. and Capocasa, E. and Carbognani, F. and Caride, S. and Diaz, J. Casanueva and Casentini, C. and Caudill, S. and Cavagli\`a, M. and Cavalier, F. and Cavalieri, R. and Cella, G. and Cepeda, C. B. and Baiardi, L. Cerboni and Cerretani, G. and Cesarini, E. and Chakraborty, R. and Chalermsongsak, T. and Chamberlin, S. J. and Chan, M. and Chao, S. and Charlton, P. and Chassande-Mottin, E. and Chen, H. Y. and Chen, Y. and Cheng, C. and Chincarini, A. and Chiummo, A. and Cho, H. S. and Cho, M. and Chow, J. H. and Christensen, N. and Chu, Q. and Chua, S. and Chung, S. and Ciani, G. and Clara, F. and Clark, J. A. and Cleva, F. and Coccia, E. and Cohadon, P.-F. and Colla, A. and Collette, C. G. and Cominsky, L. and Constancio, M. and Conte, A. and Conti, L. and Cook, D. and Corbitt, T. R. and Cornish, N. and Corsi, A. and Cortese, S. and Costa, C. A. and Coughlin, M. W. and Coughlin, S. B. and Coulon, J.-P. and Countryman, S. T. and Couvares, P. and Cowan, E. E. and Coward, D. M. and Cowart, M. J. and Coyne, D. C. and Coyne, R. and Craig, K. and Creighton, J. D. E. and Creighton, T. D. and Cripe, J. and Crowder, S. G. and Cruise, A. M. and Cumming, A. and Cunningham, L. and Cuoco, E. and Canton, T. Dal and Danilishin, S. L. and D'Antonio, S. and Danzmann, K. and Darman, N. S. and Da Silva Costa, C. F. and Dattilo, V. and Dave, I. and Daveloza, H. P. and Davier, M. and Davies, G. S. and Daw, E. J. and Day, R. and De, S. and DeBra, D. and Debreczeni, G. and Degallaix, J. and De Laurentis, M. and Del\'eglise, S. and Del Pozzo, W. and Denker, T. and Dent, T. and Dereli, H. and Dergachev, V. and DeRosa, R. T. and De Rosa, R. and DeSalvo, R. and Dhurandhar, S. and D\'{\i}az, M. C. and Di Fiore, L. and Di Giovanni, M. and Di Lieto, A. and Di Pace, S. and Di Palma, I. and Di Virgilio, A. and Dojcinoski, G. and Dolique, V. and Donovan, F. and Dooley, K. L. and Doravari, S. and Douglas, R. and Downes, T. P. and Drago, M. and Drever, R. W. P. and Driggers, J. C. and Du, Z. and Ducrot, M. and Dwyer, S. E. and Edo, T. B. and Edwards, M. C. and Effler, A. and Eggenstein, H.-B. and Ehrens, P. and Eichholz, J. and Eikenberry, S. S. and Engels, W. and Essick, R. C. and Etzel, T. and Evans, M. and Evans, T. M. and Everett, R. and Factourovich, M. and Fafone, V. and Fair, H. and Fairhurst, S. and Fan, X. and Fang, Q. and Farinon, S. and Farr, B. and Farr, W. M. and Favata, M. and Fays, M. and Fehrmann, H. and Fejer, M. M. and Feldbaum, D. and Ferrante, I. and Ferreira, E. C. and Ferrini, F. and Fidecaro, F. and Finn, L. S. and Fiori, I. and Fiorucci, D. and Fisher, R. P. and Flaminio, R. and Fletcher, M. and Fong, H. and Fournier, J.-D. and Franco, S. and Frasca, S. and Frasconi, F. and Frede, M. and Frei, Z. and Freise, A. and Frey, R. and Frey, V. and Fricke, T. T. and Fritschel, P. and Frolov, V. V. and Fulda, P. and Fyffe, M. and Gabbard, H. A. G. and Gair, J. R. and Gammaitoni, L. and Gaonkar, S. G. and Garufi, F. and Gatto, A. and Gaur, G. and Gehrels, N. and Gemme, G. and Gendre, B. and Genin, E. and Gennai, A. and George, J. and Gergely, L. and Germain, V. and Ghosh, Abhirup and Ghosh, Archisman and Ghosh, S. and Giaime, J. A. and Giardina, K. D. and Giazotto, A. and Gill, K. and Glaefke, A. and Gleason, J. R. and Goetz, E. and Goetz, R. and Gondan, L. and Gonz\'alez, G. and Castro, J. M. Gonzalez and Gopakumar, A. and Gordon, N. A. and Gorodetsky, M. L. and Gossan, S. E. and Gosselin, M. and Gouaty, R. and Graef, C. and Graff, P. B. and Granata, M. and Grant, A. and Gras, S. and Gray, C. and Greco, G. and Green, A. C. and Greenhalgh, R. J. S. and Groot, P. and Grote, H. and Grunewald, S. and Guidi, G. M. and Guo, X. and Gupta, A. and Gupta, M. K. and Gushwa, K. E. and Gustafson, E. K. and Gustafson, R. and Hacker, J. J. and Hall, B. R. and Hall, E. D. and Hammond, G. and Haney, M. and Hanke, M. M. and Hanks, J. and Hanna, C. and Hannam, M. D. and Hanson, J. and Hardwick, T. and Harms, J. and Harry, G. M. and Harry, I. W. and Hart, M. J. and Hartman, M. T. and Haster, C.-J. and Haughian, K. and Healy, J. and Heefner, J. and Heidmann, A. and Heintze, M. C. and Heinzel, G. and Heitmann, H. and Hello, P. and Hemming, G. and Hendry, M. and Heng, I. S. and Hennig, J. and Heptonstall, A. W. and Heurs, M. and Hild, S. and Hoak, D. and Hodge, K. A. and Hofman, D. and Hollitt, S. E. and Holt, K. and Holz, D. E. and Hopkins, P. and Hosken, D. J. and Hough, J. and Houston, E. A. and Howell, E. J. and Hu, Y. M. and Huang, S. and Huerta, E. A. and Huet, D. and Hughey, B. and Husa, S. and Huttner, S. H. and Huynh-Dinh, T. and Idrisy, A. and Indik, N. and Ingram, D. R. and Inta, R. and Isa, H. N. and Isac, J.-M. and Isi, M. and Islas, G. and Isogai, T. and Iyer, B. R. and Izumi, K. and Jacobson, M. B. and Jacqmin, T. and Jang, H. and Jani, K. and Jaranowski, P. and Jawahar, S. and Jim\'enez-Forteza, F. and Johnson, W. W. and Johnson-McDaniel, N. K. and Jones, D. I. and Jones, R. and Jonker, R. J. G. and Ju, L. and Haris, K. and Kalaghatgi, C. V. and Kalogera, V. and Kandhasamy, S. and Kang, G. and Kanner, J. B. and Karki, S. and Kasprzack, M. and Katsavounidis, E. and Katzman, W. and Kaufer, S. and Kaur, T. and Kawabe, K. and Kawazoe, F. and K\'ef\'elian, F. and Kehl, M. S. and Keitel, D. and Kelley, D. B. and Kells, W. and Kennedy, R. and Keppel, D. G. and Key, J. S. and Khalaidovski, A. and Khalili, F. Y. and Khan, I. and Khan, S. and Khan, Z. and Khazanov, E. A. and Kijbunchoo, N. and Kim, C. and Kim, J. and Kim, K. and Kim, Nam-Gyu and Kim, Namjun and Kim, Y.-M. and King, E. J. and King, P. J. and Kinzel, D. L. and Kissel, J. S. and Kleybolte, L. and Klimenko, S. and Koehlenbeck, S. M. and Kokeyama, K. and Koley, S. and Kondrashov, V. and Kontos, A. and Koranda, S. and Korobko, M. and Korth, W. Z. and Kowalska, I. and Kozak, D. B. and Kringel, V. and Krishnan, B. and Kr\'olak, A. and Krueger, C. and Kuehn, G. and Kumar, P. and Kumar, R. and Kuo, L. and Kutynia, A. and Kwee, P. and Lackey, B. D. and Landry, M. and Lange, J. and Lantz, B. and Lasky, P. D. and Lazzarini, A. and Lazzaro, C. and Leaci, P. and Leavey, S. and Lebigot, E. O. and Lee, C. H. and Lee, H. K. and Lee, H. M. and Lee, K. and Lenon, A. and Leonardi, M. and Leong, J. R. and Leroy, N. and Letendre, N. and Levin, Y. and Levine, B. M. and Li, T. G. F. and Libson, A. and Littenberg, T. B. and Lockerbie, N. A. and Logue, J. and Lombardi, A. L. and London, L. T. and Lord, J. E. and Lorenzini, M. and Loriette, V. and Lormand, M. and Losurdo, G. and Lough, J. D. and Lousto, C. O. and Lovelace, G. and L\"uck, H. and Lundgren, A. P. and Luo, J. and Lynch, R. and Ma, Y. and MacDonald, T. and Machenschalk, B. and MacInnis, M. and Macleod, D. M. and Maga\~na-Sandoval, F. and Magee, R. M. and Mageswaran, M. and Majorana, E. and Maksimovic, I. and Malvezzi, V. and Man, N. and Mandel, I. and Mandic, V. and Mangano, V. and Mansell, G. L. and Manske, M. and Mantovani, M. and Marchesoni, F. and Marion, F. and M\'arka, S. and M\'arka, Z. and Markosyan, A. S. and Maros, E. and Martelli, F. and Martellini, L. and Martin, I. W. and Martin, R. M. and Martynov, D. V. and Marx, J. N. and Mason, K. and Masserot, A. and Massinger, T. J. and Masso-Reid, M. and Matichard, F. and Matone, L. and Mavalvala, N. and Mazumder, N. and Mazzolo, G. and McCarthy, R. and McClelland, D. E. and McCormick, S. and McGuire, S. C. and McIntyre, G. and McIver, J. and McManus, D. J. and McWilliams, S. T. and Meacher, D. and Meadors, G. D. and Meidam, J. and Melatos, A. and Mendell, G. and Mendoza-Gandara, D. and Mercer, R. A. and Merilh, E. and Merzougui, M. and Meshkov, S. and Messenger, C. and Messick, C. and Meyers, P. M. and Mezzani, F. and Miao, H. and Michel, C. and Middleton, H. and Mikhailov, E. E. and Milano, L. and Miller, J. and Millhouse, M. and Minenkov, Y. and Ming, J. and Mirshekari, S. and Mishra, C. and Mitra, S. and Mitrofanov, V. P. and Mitselmakher, G. and Mittleman, R. and Moggi, A. and Mohan, M. and Mohapatra, S. R. P. and Montani, M. and Moore, B. C. and Moore, C. J. and Moraru, D. and Moreno, G. and Morriss, S. R. and Mossavi, K. and Mours, B. and Mow-Lowry, C. M. and Mueller, C. L. and Mueller, G. and Muir, A. W. and Mukherjee, Arunava and Mukherjee, D. and Mukherjee, S. and Mukund, N. and Mullavey, A. and Munch, J. and Murphy, D. J. and Murray, P. G. and Mytidis, A. and Nardecchia, I. and Naticchioni, L. and Nayak, R. K. and Necula, V. and Nedkova, K. and Nelemans, G. and Neri, M. and Neunzert, A. and Newton, G. and Nguyen, T. T. and Nielsen, A. B. and Nissanke, S. and Nitz, A. and Nocera, F. and Nolting, D. and Normandin, M. E. N. and Nuttall, L. K. and Oberling, J. and Ochsner, E. and O'Dell, J. and Oelker, E. and Ogin, G. H. and Oh, J. J. and Oh, S. H. and Ohme, F. and Oliver, M. and Oppermann, P. and Oram, Richard J. and O'Reilly, B. and O'Shaughnessy, R. and Ott, C. D. and Ottaway, D. J. and Ottens, R. S. and Overmier, H. and Owen, B. J. and Pai, A. and Pai, S. A. and Palamos, J. R. and Palashov, O. and Palomba, C. and Pal-Singh, A. and Pan, H. and Pan, Y. and Pankow, C. and Pannarale, F. and Pant, B. C. and Paoletti, F. and Paoli, A. and Papa, M. A. and Paris, H. R. and Parker, W. and Pascucci, D. and Pasqualetti, A. and Passaquieti, R. and Passuello, D. and Patricelli, B. and Patrick, Z. and Pearlstone, B. L. and Pedraza, M. and Pedurand, R. and Pekowsky, L. and Pele, A. and Penn, S. and Perreca, A. and Pfeiffer, H. P. and Phelps, M. and Piccinni, O. and Pichot, M. and Pickenpack, M. and Piergiovanni, F. and Pierro, V. and Pillant, G. and Pinard, L. and Pinto, I. M. and Pitkin, M. and Poeld, J. H. and Poggiani, R. and Popolizio, P. and Post, A. and Powell, J. and Prasad, J. and Predoi, V. and Premachandra, S. S. and Prestegard, T. and Price, L. R. and Prijatelj, M. and Principe, M. and Privitera, S. and Prix, R. and Prodi, G. A. and Prokhorov, L. and Puncken, O. and Punturo, M. and Puppo, P. and P\"urrer, M. and Qi, H. and Qin, J. and Quetschke, V. and Quintero, E. A. and Quitzow-James, R. and Raab, F. J. and Rabeling, D. S. and Radkins, H. and Raffai, P. and Raja, S. and Rakhmanov, M. and Ramet, C. R. and Rapagnani, P. and Raymond, V. and Razzano, M. and Re, V. and Read, J. and Reed, C. M. and Regimbau, T. and Rei, L. and Reid, S. and Reitze, D. H. and Rew, H. and Reyes, S. D. and Ricci, F. and Riles, K. and Robertson, N. A. and Robie, R. and Robinet, F. and Rocchi, A. and Rolland, L. and Rollins, J. G. and Roma, V. J. and Romano, J. D. and Romano, R. and Romanov, G. and Romie, J. H. and Rosi\ifmmode \acute{n}\else \'{n}\fi{}ska, D. and Rowan, S. and R\"udiger, A. and Ruggi, P. and Ryan, K. and Sachdev, S. and Sadecki, T. and Sadeghian, L. and Salconi, L. and Saleem, M. and Salemi, F. and Samajdar, A. and Sammut, L. and Sampson, L. M. and Sanchez, E. J. and Sandberg, V. and Sandeen, B. and Sanders, G. H. and Sanders, J. R. and Sassolas, B. and Sathyaprakash, B. S. and Saulson, P. R. and Sauter, O. and Savage, R. L. and Sawadsky, A. and Schale, P. and Schilling, R. and Schmidt, J. and Schmidt, P. and Schnabel, R. and Schofield, R. M. S. and Sch\"onbeck, A. and Schreiber, E. and Schuette, D. and Schutz, B. F. and Scott, J. and Scott, S. M. and Sellers, D. and Sengupta, A. S. and Sentenac, D. and Sequino, V. and Sergeev, A. and Serna, G. and Setyawati, Y. and Sevigny, A. and Shaddock, D. A. and Shaffer, T. and Shah, S. and Shahriar, M. S. and Shaltev, M. and Shao, Z. and Shapiro, B. and Shawhan, P. and Sheperd, A. and Shoemaker, D. H. and Shoemaker, D. M. and Siellez, K. and Siemens, X. and Sigg, D. and Silva, A. D. and Simakov, D. and Singer, A. and Singer, L. P. and Singh, A. and Singh, R. and Singhal, A. and Sintes, A. M. and Slagmolen, B. J. J. and Smith, J. R. and Smith, M. R. and Smith, N. D. and Smith, R. J. E. and Son, E. J. and Sorazu, B. and Sorrentino, F. and Souradeep, T. and Srivastava, A. K. and Staley, A. and Steinke, M. and Steinlechner, J. and Steinlechner, S. and Steinmeyer, D. and Stephens, B. C. and Stevenson, S. P. and Stone, R. and Strain, K. A. and Straniero, N. and Stratta, G. and Strauss, N. A. and Strigin, S. and Sturani, R. and Stuver, A. L. and Summerscales, T. Z. and Sun, L. and Sutton, P. J. and Swinkels, B. L. and Szczepa\ifmmode \acute{n}\else \'{n}\fi{}czyk, M. J. and Tacca, M. and Talukder, D. and Tanner, D. B. and T\'apai, M. and Tarabrin, S. P. and Taracchini, A. and Taylor, R. and Theeg, T. and Thirugnanasambandam, M. P. and Thomas, E. G. and Thomas, M. and Thomas, P. and Thorne, K. A. and Thorne, K. S. and Thrane, E. and Tiwari, S. and Tiwari, V. and Tokmakov, K. V. and Tomlinson, C. and Tonelli, M. and Torres, C. V. and Torrie, C. I. and T\"oyr\"a, D. and Travasso, F. and Traylor, G. and Trifir\`o, D. and Tringali, M. C. and Trozzo, L. and Tse, M. and Turconi, M. and Tuyenbayev, D. and Ugolini, D. and Unnikrishnan, C. S. and Urban, A. L. and Usman, S. A. and Vahlbruch, H. and Vajente, G. and Valdes, G. and Vallisneri, M. and van Bakel, N. and van Beuzekom, M. and van den Brand, J. F. J. and Van Den Broeck, C. and Vander-Hyde, D. C. and van der Schaaf, L. and van Heijningen, J. V. and van Veggel, A. A. and Vardaro, M. and Vass, S. and Vas\'uth, M. and Vaulin, R. and Vecchio, A. and Vedovato, G. and Veitch, J. and Veitch, P. J. and Venkateswara, K. and Verkindt, D. and Vetrano, F. and Vicer\'e, A. and Vinciguerra, S. and Vine, D. J. and Vinet, J.-Y. and Vitale, S. and Vo, T. and Vocca, H. and Vorvick, C. and Voss, D. and Vousden, W. D. and Vyatchanin, S. P. and Wade, A. R. and Wade, L. E. and Wade, M. and Waldman, S. J. and Walker, M. and Wallace, L. and Walsh, S. and Wang, G. and Wang, H. and Wang, M. and Wang, X. and Wang, Y. and Ward, H. and Ward, R. L. and Warner, J. and Was, M. and Weaver, B. and Wei, L.-W. and Weinert, M. and Weinstein, A. J. and Weiss, R. and Welborn, T. and Wen, L. and We\ss{}els, P. and Westphal, T. and Wette, K. and Whelan, J. T. and Whitcomb, S. E. and White, D. J. and Whiting, B. F. and Wiesner, K. and Wilkinson, C. and Willems, P. A. and Williams, L. and Williams, R. D. and Williamson, A. R. and Willis, J. L. and Willke, B. and Wimmer, M. H. and Winkelmann, L. and Winkler, W. and Wipf, C. C. and Wiseman, A. G. and Wittel, H. and Woan, G. and Worden, J. and Wright, J. L. and Wu, G. and Yablon, J. and Yakushin, I. and Yam, W. and Yamamoto, H. and Yancey, C. C. and Yap, M. J. and Yu, H. and Yvert, M. and Zadro\ifmmode \dot{z}\else \.{z}\fi{}ny, A. and Zangrando, L. and Zanolin, M. and Zendri, J.-P. and Zevin, M. and Zhang, F. and Zhang, L. and Zhang, M. and Zhang, Y. and Zhao, C. and Zhou, M. and Zhou, Z. and Zhu, X. J. and Zucker, M. E. and Zuraw, S. E. and Zweizig, J.},
  collaboration = {LIGO Scientific Collaboration and Virgo Collaboration},
  journal = {Phys. Rev. Lett.},
  volume = {116},
  issue = {6},
  pages = {061102},
  numpages = {16},
  year = {2016},
  month = {Feb},
  publisher = {American Physical Society},
  doi = {10.1103/PhysRevLett.116.061102},
  url = {https://link.aps.org/doi/10.1103/PhysRevLett.116.061102}
}
@article{unknown,
author = {Chung, Ka-Wai and Li, Tjonnie},
year = {2021},
month = {06},
pages = {},
title = {Lensing of Gravitational Waves as a Novel Probe of Graviton Mass}
}